<?xml version="1.0" encoding="UTF-8"?><record xmlns="http://www.loc.gov/MARC21/slim" xmlns:cinclude="http://apache.org/cocoon/include/1.0" xmlns:zs="http://www.loc.gov/zing/srw/">
  <leader>00604cz  a2200145n  4500</leader>
  <controlfield tag="001">n 2001055005</controlfield>
  <controlfield tag="003">DLC</controlfield>
  <controlfield tag="005">20150826131717.0</controlfield>
  <controlfield tag="008">010117n| azannaabn          |n aaa      </controlfield>
  <datafield tag="010" ind1=" " ind2=" ">
    <subfield code="a">n 2001055005</subfield>
  </datafield>
  <datafield tag="040" ind1=" " ind2=" ">
    <subfield code="a">DLC</subfield>
    <subfield code="b">eng</subfield>
    <subfield code="e">rda</subfield>
    <subfield code="c">DLC</subfield>
    <subfield code="d">DLC</subfield>
  </datafield>
  <datafield tag="046" ind1=" " ind2=" ">
    <subfield code="f">19591023</subfield>
  </datafield>
  <datafield tag="100" ind1="1" ind2=" ">
    <subfield code="a">Jung, Dietrich,</subfield>
    <subfield code="d">1959-</subfield>
  </datafield>
  <datafield tag="670" ind1=" " ind2=" ">
    <subfield code="a">Turkey at the crossroads, 2001:</subfield>
    <subfield code="b">CIP t.p. (Dietrich Jung) data sheet (b. Oct. 23, 1959)</subfield>
  </datafield>
  <datafield tag="670" ind1=" " ind2=" ">
    <subfield code="a">The Levant in turmoil, 2016:</subfield>
    <subfield code="b">ECIP t.p. (Jung Dietrich) data view (b. Oct. 23, 1959; Professor and Head of Department at the Centre for Contemporary Middle East Studies, University of Southern Denmark)</subfield>
  </datafield>
</record>